<record><leader>00000cas a22000007a 4500</leader><controlfield tag="001">12402296</controlfield><controlfield tag="008">850820d190u190uwiuwr ne      0    0eng d</controlfield><datafield ind1=" " ind2=" " tag="010"><subfield code="a">sn 85040938 </subfield></datafield><datafield ind1=" " ind2=" " tag="040"><subfield code="a">NPV</subfield><subfield code="b">eng</subfield><subfield code="c">NPV</subfield><subfield code="d">OCLCQ</subfield></datafield><datafield ind1=" " ind2=" " tag="042"><subfield code="a">msc</subfield></datafield><datafield ind1=" " ind2=" " tag="045"><subfield code="a">x0x0</subfield></datafield><datafield ind1=" " ind2=" " tag="052"><subfield code="a">4123</subfield><subfield code="b">S3</subfield></datafield><datafield ind1="0" ind2=" " tag="130"><subfield code="a">Journal (North Freedom, Wis.)</subfield></datafield><datafield ind1="1" ind2="4" tag="245"><subfield code="a">The journal.</subfield></datafield><datafield ind1="1" ind2="3" tag="246"><subfield code="a">North Freedom journal</subfield></datafield><datafield ind1=" " ind2=" " tag="260"><subfield code="a">North Freedom, Wis. :</subfield><subfield code="b">J. Seftenberg</subfield></datafield><datafield ind1=" " ind2=" " tag="300"><subfield code="a">v. :</subfield><subfield code="b">ill.</subfield></datafield><datafield ind1=" " ind2=" " tag="310"><subfield code="a">Weekly</subfield></datafield><datafield ind1="1" ind2=" " tag="362"><subfield code="a">Began in 1906 or 1907; ceased in 1907 or 1908.</subfield></datafield><datafield ind1=" " ind2=" " tag="530"><subfield code="a">Available on microfilm from The State Historical Society of Wisconsin.</subfield></datafield><datafield ind1=" " ind2=" " tag="752"><subfield code="a">United States</subfield><subfield code="b">Wisconsin</subfield><subfield code="c">Sauk</subfield><subfield code="d">North Freedom.</subfield></datafield><datafield ind1="0" ind2="0" tag="780"><subfield code="t">North Freedom journal (North Freedom, Wis. : 1903)</subfield><subfield code="w">(DLC)sn 85040937</subfield></datafield><datafield ind1="0" ind2="0" tag="785"><subfield code="t">North Freedom journal (North Freedom, Wis. : 1908)</subfield><subfield code="w">(DLC)sn 85040939</subfield></datafield></record>